@article{scikit-image,
 title = {scikit-image: image processing in {P}ython},
 author = {van der Walt, {S}t\'efan and {S}ch\"onberger, {J}ohannes {L}. and
           {Nunez-Iglesias}, {J}uan and {B}oulogne, {F}ran\c{c}ois and {W}arner,
           {J}oshua {D}. and {Y}ager, {N}eil and {G}ouillart, {E}mmanuelle and
           {Y}u, {T}ony and the scikit-image contributors},
 year = {2014},
 month = {6},
 keywords = {Image processing, Reproducible research, Education,
             Visualization, Open source, Python, Scientific programming},
 volume = {2},
 pages = {e453},
 journal = {PeerJ},
 issn = {2167-8359},
 url = {https://doi.org/10.7717/peerj.453},
 doi = {10.7717/peerj.453}
}


@article{fruit-360,
    title = {Fruit recognition from images using deep learning},
    author = {Muresan, {H}orea},
    year = {2018},
    volume = {10},
    pages = {26-42},
    journal = {Acta Univ. Sapientiae, Informatica},
    url = {https://www.researchgate.net/publication/321475443_Fruit_recognition_from_images_using_deep_learning}
}

@book{russell-norvig,
    title = {Artificial Intelligence: A Modern Approach},
    author = {Stuart Russell and Peter Norvig},
    year = {2010},
    series = {Prentice Hall series in Artificial Intelligence}
}

@book{szeliski,
    title = {Computer Vision: Algorithms and applications},
    author = {Richard Szeliski},
    year = {2011},
}
